@unpublished {BM13,
	author = {Michael Barot and Robert J. Marsh},
	title = {Reflection Group Presentations Arising from Cluster Algebras},
	year = {2013},
	note = {arXiv: 1112.2300v2},
}

@Article{FZ02,
	author			="Sergey Fomin and Andrei Zelevinsky",
	title				="Cluster Algebras I: Foundations",
	journal			="J. Amer. Math. Soc.",
	volume			="15",
	pages				="497-529",
	year				="2002",
}

@Article{FZ03,
	author			="Sergey Fomin and Andrei Zelevinsky",
	title				="Cluster Algebras II: Finite type classification",
	journal			="Invent. Math.",
	volume			="154",
	pages				="63-121",
	year				="2003",
}

@Article{FN61,
	author			="Fox, R. and Neuwirth, L.",
	title				="The Braid Groups",
	journal			="Mathematica Scandinavica",
	volume			="",
	pages				="119-126",
	year				="1961",
}